%% This BibTeX bibliography file was created using BibDesk.
%% http://bibdesk.sourceforge.net/


%% Created for Charles Callum Newey at 2013-11-05 15:48:26 +0000 


%% Saved with string encoding Unicode (UTF-8) 



@misc{LaTeXTemplate,
	Author = {Ted Pavlic},
	Howpublished = {\newline\url{http://www.latextemplates.com/template/programming-coding-assignment}},
	Note = {\newline Accessed: Oct 23, 2013},
	Title = {{Programming Assignment template for \LaTeX}}}
