@misc{LaTeXTemplate,
	Author = {Ted Pavlic},
	Howpublished = {\newline\url{http://www.latextemplates.com/template/programming-coding-assignment}},
	Note = {\newline Accessed: Oct 23, 2013},
	Title = {{Programming Assignment template for \LaTeX}}}
