@misc{LaTeXTemplate,
	Author = {Ted Pavlic},
	Howpublished = {\newline\url{http://www.latextemplates.com/template/programming-coding-assignment}},
	Note = {\newline Accessed: Oct 23, 2013},
	Title = {{Programming Assignment template for \LaTeX}}}

@misc{LaTeXListings,
	Author = {Tom Hurnherr},
	Howpublished = {\newline\url{http://texblog.org/2008/04/02/include-source-code-in-latex-with-listings/}},
	Note = {\newline Accessed: Dec 03, 2013},
	Title = {{\LaTeX Listings Package Info}}}
	
@misc{LaTeXListings2,
	Author = {Various},
	Howpublished = {\newline\url{http://tex.stackexchange.com/questions/115467/listings-highlight-java-annotations}},
	Note = {\newline Accessed: Dec 03, 2013},
	Title = {{\LaTeX Listings Java Highlighting}}}